<?xml version="1.0" encoding="UTF-8"?><collection xmlns="http://www.loc.gov/MARC21/slim"><record><leader>00434nam--2200145-i-4500</leader><controlfield tag="001">000028853</controlfield><controlfield tag="002">20161230</controlfield><controlfield tag="005">20161230201037</controlfield><controlfield tag="008">060222s1000------------r-----000-0-eng-d</controlfield><datafield ind1=" " ind2=" " tag="080"><subfield code="a">517.986.33(043)</subfield></datafield><datafield ind1="1" ind2=" " tag="100"><subfield code="a">Kummerer, Burkhard</subfield></datafield><datafield ind1="1" ind2="0" tag="245"><subfield code="a">A dilation theory for completely positive operators on w-algebras.dissertation</subfield></datafield><datafield ind1=" " ind2=" " tag="260"><subfield code="a">Tubingen, Universitat, 1982. Viii + 94p</subfield></datafield><datafield ind1=" " ind2=" " tag="852"><subfield code="a">71030</subfield><subfield code="c">517.9</subfield></datafield><datafield ind1=" " ind2=" " tag="CAT"><subfield code="a">Sys</subfield><subfield code="c">20090413</subfield><subfield code="h">121614</subfield></datafield></record></collection>